@misc{dosovitskiy2021image,
      title={An Image is Worth 16x16 Words: Transformers for Image Recognition at Scale}, 
      author={Alexey Dosovitskiy and Lucas Beyer and Alexander Kolesnikov and Dirk Weissenborn and Xiaohua Zhai and Thomas Unterthiner and Mostafa Dehghani and Matthias Minderer and Georg Heigold and Sylvain Gelly and Jakob Uszkoreit and Neil Houlsby},
      year={2021},
      eprint={2010.11929},
      archivePrefix={arXiv},
      primaryClass={cs.CV}
}

@misc{ma2018shufflenet,
      title={ShuffleNet V2: Practical Guidelines for Efficient CNN Architecture Design}, 
      author={Ningning Ma and Xiangyu Zhang and Hai-Tao Zheng and Jian Sun},
      year={2018},
      eprint={1807.11164},
      archivePrefix={arXiv},
      primaryClass={cs.CV}
}

@inproceedings{NIPS2012_c399862d,
	author = {Krizhevsky, Alex and Sutskever, Ilya and Hinton, Geoffrey E},
	booktitle = {Advances in Neural Information Processing Systems},
	editor = {F. Pereira and C.J. Burges and L. Bottou and K.Q. Weinberger},
	pages = {},
	publisher = {Curran Associates, Inc.},
	title = {ImageNet Classification with Deep Convolutional Neural Networks},
	url = {https://proceedings.neurips.cc/paper_files/paper/2012/file/c399862d3b9d6b76c8436e924a68c45b-Paper.pdf},
	volume = {25},
	year = {2012}
}

@misc{he2015deep,
	title={Deep Residual Learning for Image Recognition}, 
	author={Kaiming He and Xiangyu Zhang and Shaoqing Ren and Jian Sun},
	year={2015},
	eprint={1512.03385},
	archivePrefix={arXiv},
	primaryClass={cs.CV}
}

@misc{szegedy2015rethinking,
	title={Rethinking the Inception Architecture for Computer Vision}, 
	author={Christian Szegedy and Vincent Vanhoucke and Sergey Ioffe and Jonathon Shlens and Zbigniew Wojna},
	year={2015},
	eprint={1512.00567},
	archivePrefix={arXiv},
	primaryClass={cs.CV}
}

@misc{tan2020efficientnet,
	title={EfficientNet: Rethinking Model Scaling for Convolutional Neural Networks}, 
	author={Mingxing Tan and Quoc V. Le},
	year={2020},
	eprint={1905.11946},
	archivePrefix={arXiv},
	primaryClass={cs.LG}
}
@misc{tan2021efficientnetv2,
	title={EfficientNetV2: Smaller Models and Faster Training}, 
	author={Mingxing Tan and Quoc V. Le},
	year={2021},
	eprint={2104.00298},
	archivePrefix={arXiv},
	primaryClass={cs.CV}
}
